[gd_scene load_steps=12 format=2]

[ext_resource path="res://elements/Pawn/player_turning_t.wav" type="AudioStream" id=1]
[ext_resource path="res://assets/player.png" type="Texture" id=2]
[ext_resource path="res://elements/Pawn/jumpingt.wav" type="AudioStream" id=3]
[ext_resource path="res://elements/baddies/eyeSlime/randPtich.gd" type="Script" id=4]
[ext_resource path="res://elements/Pawn/steps1..wav" type="AudioStream" id=5]

[sub_resource type="Animation" id=1]
length = 3.0
loop = true
tracks/0/type = "value"
tracks/0/path = NodePath("body/head:scale")
tracks/0/interp = 1
tracks/0/loop_wrap = true
tracks/0/imported = false
tracks/0/enabled = true
tracks/0/keys = {
"times": PoolRealArray( 0 ),
"transitions": PoolRealArray( 1 ),
"update": 0,
"values": [ Vector3( 0.35, 0.4, 0.35 ) ]
}
tracks/1/type = "value"
tracks/1/path = NodePath("body/head:translation")
tracks/1/interp = 1
tracks/1/loop_wrap = true
tracks/1/imported = false
tracks/1/enabled = true
tracks/1/keys = {
"times": PoolRealArray( 0 ),
"transitions": PoolRealArray( 1 ),
"update": 0,
"values": [ Vector3( 0.00956093, 0.608006, -0.00855564 ) ]
}
tracks/2/type = "value"
tracks/2/path = NodePath("arm:translation")
tracks/2/interp = 1
tracks/2/loop_wrap = true
tracks/2/imported = false
tracks/2/enabled = true
tracks/2/keys = {
"times": PoolRealArray( 0, 0.4, 0.8, 1.2, 1.5, 1.9, 2.3, 2.6, 3 ),
"transitions": PoolRealArray( 1, 1, 1, 1, 1, 1, 1, 1, 1 ),
"update": 0,
"values": [ Vector3( -0.940512, 1.92676, 0.05 ), Vector3( -1.69111, 2.72174, 0.05 ), Vector3( -1.97, 2.514, 0.05 ), Vector3( -1.69111, 2.72174, 0.05 ), Vector3( -1.517, 2.589, 0.05 ), Vector3( -1.69111, 2.72174, 0.05 ), Vector3( -2.241, 2.085, 0.05 ), Vector3( -1.331, 2.191, 0.05 ), Vector3( -1.787, 2.333, 0.05 ) ]
}
tracks/3/type = "value"
tracks/3/path = NodePath("arm:rotation_degrees")
tracks/3/interp = 1
tracks/3/loop_wrap = true
tracks/3/imported = false
tracks/3/enabled = true
tracks/3/keys = {
"times": PoolRealArray( 0, 0.4, 0.8, 1.2, 1.5, 1.9, 2.3, 2.6, 3 ),
"transitions": PoolRealArray( 1, 1, 1, 1, 1, 1, 1, 1, 1 ),
"update": 0,
"values": [ Vector3( 0, 0, -170.659 ), Vector3( 0, 0, -174.631 ), Vector3( 0, 0, -180 ), Vector3( 0, 0, -177 ), Vector3( 0, 0, -177 ), Vector3( 0, 0, -177 ), Vector3( 0, 0, -183 ), Vector3( 0, 0, -176 ), Vector3( 0, 0, -183 ) ]
}
tracks/4/type = "value"
tracks/4/path = NodePath("body/head/helmet:translation")
tracks/4/interp = 1
tracks/4/loop_wrap = true
tracks/4/imported = false
tracks/4/enabled = true
tracks/4/keys = {
"times": PoolRealArray( 0 ),
"transitions": PoolRealArray( 1 ),
"update": 0,
"values": [ Vector3( -0.0301156, 1.43569, 0.143445 ) ]
}
tracks/5/type = "value"
tracks/5/path = NodePath("body:scale")
tracks/5/interp = 1
tracks/5/loop_wrap = true
tracks/5/imported = false
tracks/5/enabled = true
tracks/5/keys = {
"times": PoolRealArray( 0 ),
"transitions": PoolRealArray( 1 ),
"update": 0,
"values": [ Vector3( 4, 4, 4 ) ]
}
tracks/6/type = "value"
tracks/6/path = NodePath("body:translation")
tracks/6/interp = 1
tracks/6/loop_wrap = true
tracks/6/imported = false
tracks/6/enabled = true
tracks/6/keys = {
"times": PoolRealArray( 0, 0.7, 1.4, 2.2, 3 ),
"transitions": PoolRealArray( 1, 1, 1, 1, 1 ),
"update": 0,
"values": [ Vector3( 0.590836, 2.63377, 0.220137 ), Vector3( 0.341463, 2.37844, 0.193535 ), Vector3( 0.590836, 2.63992, 0.220137 ), Vector3( 0.341463, 1.72815, 0.193535 ), Vector3( 0.590836, 2.63377, 0.220137 ) ]
}
tracks/7/type = "value"
tracks/7/path = NodePath("body:rotation_degrees")
tracks/7/interp = 1
tracks/7/loop_wrap = true
tracks/7/imported = false
tracks/7/enabled = true
tracks/7/keys = {
"times": PoolRealArray( 0, 0.7, 1.4, 2.2, 3 ),
"transitions": PoolRealArray( 1, 1, 1, 1, 1 ),
"update": 0,
"values": [ Vector3( 0, 0, 4.832 ), Vector3( 0, 0, -5 ), Vector3( 0, 0, 4.832 ), Vector3( 0, 0, -5 ), Vector3( 0, 0, 4.832 ) ]
}
tracks/8/type = "value"
tracks/8/path = NodePath("arm:scale")
tracks/8/interp = 1
tracks/8/loop_wrap = true
tracks/8/imported = false
tracks/8/enabled = true
tracks/8/keys = {
"times": PoolRealArray( 0, 0.2, 0.8, 1.2, 1.5, 1.9, 2.3, 2.6, 3 ),
"transitions": PoolRealArray( 1, 1, 1, 1, 1, 1, 1, 1, 1 ),
"update": 0,
"values": [ Vector3( 4.5, 4.5, 4.5 ), Vector3( 5, 6, 5 ), Vector3( 5, 6, 5 ), Vector3( 5, 6, 5 ), Vector3( 5, 6, 5 ), Vector3( 5, 6, 5 ), Vector3( 5, 6, 5 ), Vector3( 5, 6, 5 ), Vector3( 5, 6, 5 ) ]
}
tracks/9/type = "value"
tracks/9/path = NodePath("body/head:rotation_degrees")
tracks/9/interp = 1
tracks/9/loop_wrap = true
tracks/9/imported = false
tracks/9/enabled = true
tracks/9/keys = {
"times": PoolRealArray( 0, 0.9, 1.5, 2.4, 3 ),
"transitions": PoolRealArray( 1, 1, 1, 1, 1 ),
"update": 0,
"values": [ Vector3( 0, 0, -8.09399 ), Vector3( 0, 0, 10.134 ), Vector3( 0, 0, -8.094 ), Vector3( 0, 0, 10.134 ), Vector3( 0, 0, -8.094 ) ]
}
tracks/10/type = "value"
tracks/10/path = NodePath("body/head/helmet:rotation_degrees")
tracks/10/interp = 1
tracks/10/loop_wrap = true
tracks/10/imported = false
tracks/10/enabled = true
tracks/10/keys = {
"times": PoolRealArray( 0 ),
"transitions": PoolRealArray( 1 ),
"update": 0,
"values": [ Vector3( 0, 0, 9.1366 ) ]
}
tracks/11/type = "value"
tracks/11/path = NodePath("body/head/helmet:scale")
tracks/11/interp = 1
tracks/11/loop_wrap = true
tracks/11/imported = false
tracks/11/enabled = true
tracks/11/keys = {
"times": PoolRealArray( 0 ),
"transitions": PoolRealArray( 1 ),
"update": 0,
"values": [ Vector3( 1, 1.112, 1 ) ]
}
tracks/12/type = "value"
tracks/12/path = NodePath("body:frame")
tracks/12/interp = 1
tracks/12/loop_wrap = true
tracks/12/imported = false
tracks/12/enabled = true
tracks/12/keys = {
"times": PoolRealArray( 0 ),
"transitions": PoolRealArray( 1 ),
"update": 1,
"values": [ 18 ]
}
tracks/13/type = "value"
tracks/13/path = NodePath("body/head:frame")
tracks/13/interp = 1
tracks/13/loop_wrap = true
tracks/13/imported = false
tracks/13/enabled = true
tracks/13/keys = {
"times": PoolRealArray( 0 ),
"transitions": PoolRealArray( 1 ),
"update": 1,
"values": [ 0 ]
}
tracks/14/type = "value"
tracks/14/path = NodePath("body/head/helmet:frame")
tracks/14/interp = 1
tracks/14/loop_wrap = true
tracks/14/imported = false
tracks/14/enabled = true
tracks/14/keys = {
"times": PoolRealArray( 0 ),
"transitions": PoolRealArray( 1 ),
"update": 1,
"values": [ 3 ]
}
tracks/15/type = "value"
tracks/15/path = NodePath("arm:frame")
tracks/15/interp = 1
tracks/15/loop_wrap = true
tracks/15/imported = false
tracks/15/enabled = true
tracks/15/keys = {
"times": PoolRealArray( 0, 0.2, 0.4, 0.8, 1.5, 2.3 ),
"transitions": PoolRealArray( 1, 1, 1, 1, 1, 1 ),
"update": 1,
"values": [ 30, 32, 33, 32, 33, 32 ]
}
tracks/16/type = "value"
tracks/16/path = NodePath("arm:flip_h")
tracks/16/interp = 1
tracks/16/loop_wrap = true
tracks/16/imported = false
tracks/16/enabled = true
tracks/16/keys = {
"times": PoolRealArray( 0 ),
"transitions": PoolRealArray( 1 ),
"update": 1,
"values": [ true ]
}

[sub_resource type="Animation" id=2]
length = 4.8
loop = true
tracks/0/type = "value"
tracks/0/path = NodePath("body:scale")
tracks/0/interp = 1
tracks/0/loop_wrap = true
tracks/0/imported = false
tracks/0/enabled = true
tracks/0/keys = {
"times": PoolRealArray( 0, 4, 4.8 ),
"transitions": PoolRealArray( 1, 1, 1 ),
"update": 1,
"values": [ Vector3( 4, 3.9, 4 ), Vector3( 4, 4, 4 ), Vector3( 4, 3.9, 4 ) ]
}
tracks/1/type = "value"
tracks/1/path = NodePath("body:rotation_degrees")
tracks/1/interp = 1
tracks/1/loop_wrap = true
tracks/1/imported = false
tracks/1/enabled = true
tracks/1/keys = {
"times": PoolRealArray( 0, 4, 4.8 ),
"transitions": PoolRealArray( 1, 1, 1 ),
"update": 1,
"values": [ Vector3( 0, 0, -2.24 ), Vector3( 0, 0, 4.832 ), Vector3( 0, 0, -2.24 ) ]
}
tracks/2/type = "value"
tracks/2/path = NodePath("body:translation")
tracks/2/interp = 1
tracks/2/loop_wrap = true
tracks/2/imported = false
tracks/2/enabled = true
tracks/2/keys = {
"times": PoolRealArray( 0, 0.8, 1.6, 2.4, 3.2, 4, 4.8 ),
"transitions": PoolRealArray( 1, 1, 1, 1, 1, 1, 1 ),
"update": 1,
"values": [ Vector3( 2.6626, 0.828694, 0.0875581 ), Vector3( 0.51622, 1.22212, 0.0875581 ), Vector3( -0.294087, 1.22212, 0.0875581 ), Vector3( -1.25518, 1.22212, 0.0875581 ), Vector3( 0.51622, 1.22212, 0.0875581 ), Vector3( 1.95751, 1.22212, 0.0875581 ), Vector3( 2.6626, 0.828694, 0.0875581 ) ]
}
tracks/3/type = "value"
tracks/3/path = NodePath("body:frame")
tracks/3/interp = 1
tracks/3/loop_wrap = true
tracks/3/imported = false
tracks/3/enabled = true
tracks/3/keys = {
"times": PoolRealArray( 0, 0.8, 1.6, 2.4, 3.2, 4, 4.8 ),
"transitions": PoolRealArray( 1, 1, 1, 1, 1, 1, 1 ),
"update": 1,
"values": [ 6, 7, 8, 9, 7, 6, 6 ]
}
tracks/4/type = "value"
tracks/4/path = NodePath("arm:scale")
tracks/4/interp = 1
tracks/4/loop_wrap = true
tracks/4/imported = false
tracks/4/enabled = true
tracks/4/keys = {
"times": PoolRealArray( 0, 0.8, 1.6, 2.4, 3.2, 4, 4.8 ),
"transitions": PoolRealArray( 1, 1, 1, 1, 1, 1, 1 ),
"update": 1,
"values": [ Vector3( 6, 5, 6 ), Vector3( 6.02217, 4.9864, 6.00001 ), Vector3( 6.004, 5, 6 ), Vector3( 6.004, 5, 6 ), Vector3( 6.02217, 4.9864, 6.00001 ), Vector3( 6, 5, 6 ), Vector3( 6, 5, 6 ) ]
}
tracks/5/type = "value"
tracks/5/path = NodePath("arm:rotation_degrees")
tracks/5/interp = 1
tracks/5/loop_wrap = true
tracks/5/imported = false
tracks/5/enabled = true
tracks/5/keys = {
"times": PoolRealArray( 0, 0.8, 1.6, 2.4, 3.2, 4, 4.8 ),
"transitions": PoolRealArray( 1, 1, 1, 1, 1, 1, 1 ),
"update": 1,
"values": [ Vector3( 0.0955732, 1.40393, -2.07915 ), Vector3( -0.588397, 1.27289, 27.6464 ), Vector3( -0.0850957, 1.40262, 4.82894 ), Vector3( 0.774315, 1.17265, -32.0751 ), Vector3( 1.05727, 0.921239, -46.0876 ), Vector3( 0.562682, 1.28981, -21.751 ), Vector3( 0.0955732, 1.40393, -2.07915 ) ]
}
tracks/6/type = "value"
tracks/6/path = NodePath("arm:translation")
tracks/6/interp = 1
tracks/6/loop_wrap = true
tracks/6/imported = false
tracks/6/enabled = true
tracks/6/keys = {
"times": PoolRealArray( 0, 0.8, 1.6, 2.4, 3.2, 4, 4.8 ),
"transitions": PoolRealArray( 1, 1, 1, 1, 1, 1, 1 ),
"update": 1,
"values": [ Vector3( -1.552, 3.454, 0.05 ), Vector3( -4.441, 4.452, 0.05 ), Vector3( -5.39, 3.549, 0.05 ), Vector3( -5.251, 4.33, 0.05 ), Vector3( -3.792, 4.884, 0.05 ), Vector3( -2.118, 3.649, 0.05 ), Vector3( -1.552, 3.454, 0.05 ) ]
}
tracks/7/type = "value"
tracks/7/path = NodePath("body/head:scale")
tracks/7/interp = 1
tracks/7/loop_wrap = true
tracks/7/imported = false
tracks/7/enabled = true
tracks/7/keys = {
"times": PoolRealArray( 0, 3.2, 4, 4.8 ),
"transitions": PoolRealArray( 1, 1, 1, 1 ),
"update": 1,
"values": [ Vector3( 0.3665, 0.366209, 0.369403 ), Vector3( 0.3665, 0.366209, 0.369403 ), Vector3( 0.366351, 0.366351, 0.369403 ), Vector3( 0.3665, 0.366209, 0.369403 ) ]
}
tracks/8/type = "value"
tracks/8/path = NodePath("body/head/helmet:scale")
tracks/8/interp = 1
tracks/8/loop_wrap = true
tracks/8/imported = false
tracks/8/enabled = true
tracks/8/keys = {
"times": PoolRealArray( 0 ),
"transitions": PoolRealArray( 1 ),
"update": 0,
"values": [ Vector3( 1, 1, 1 ) ]
}
tracks/9/type = "value"
tracks/9/path = NodePath("body/head/helmet:translation")
tracks/9/interp = 1
tracks/9/loop_wrap = true
tracks/9/imported = false
tracks/9/enabled = true
tracks/9/keys = {
"times": PoolRealArray( 0 ),
"transitions": PoolRealArray( 1 ),
"update": 0,
"values": [ Vector3( -0.205164, 1.17723, 0.436637 ) ]
}
tracks/10/type = "value"
tracks/10/path = NodePath("body/head:translation")
tracks/10/interp = 1
tracks/10/loop_wrap = true
tracks/10/imported = false
tracks/10/enabled = true
tracks/10/keys = {
"times": PoolRealArray( 0, 0.8, 1.6, 2.4, 3.2, 4, 4.8 ),
"transitions": PoolRealArray( 1, 1, 1, 1, 1, 1, 1 ),
"update": 1,
"values": [ Vector3( -0.298901, 1.41101, 0.1 ), Vector3( -0.248874, 1.58924, 0.1 ), Vector3( -0.275531, 1.44059, 0.1 ), Vector3( -0.35726, 1.48253, 0.1 ), Vector3( -0.702792, 1.60407, 0.1 ), Vector3( -0.423714, 1.42072, 0.1 ), Vector3( -0.300057, 1.44133, 0.1 ) ]
}
tracks/11/type = "value"
tracks/11/path = NodePath("body/head:rotation_degrees")
tracks/11/interp = 1
tracks/11/loop_wrap = true
tracks/11/imported = false
tracks/11/enabled = true
tracks/11/keys = {
"times": PoolRealArray( 0, 2.4, 3.2, 4, 4.8 ),
"transitions": PoolRealArray( 1, 1, 1, 1, 1 ),
"update": 1,
"values": [ Vector3( 0, 0, 7.37953 ), Vector3( 0, 0, 2.97367 ), Vector3( 0, 0, -6.42834 ), Vector3( 0, 0, 0 ), Vector3( 0, 0, 7.37953 ) ]
}
tracks/12/type = "value"
tracks/12/path = NodePath("arm:flip_h")
tracks/12/interp = 1
tracks/12/loop_wrap = true
tracks/12/imported = false
tracks/12/enabled = true
tracks/12/keys = {
"times": PoolRealArray( 0, 4, 4.8 ),
"transitions": PoolRealArray( 1, 1, 1 ),
"update": 1,
"values": [ false, false, false ]
}
tracks/13/type = "value"
tracks/13/path = NodePath("arm:frame")
tracks/13/interp = 1
tracks/13/loop_wrap = true
tracks/13/imported = false
tracks/13/enabled = true
tracks/13/keys = {
"times": PoolRealArray( 0, 1.6, 4, 4.8 ),
"transitions": PoolRealArray( 1, 1, 1, 1 ),
"update": 1,
"values": [ 32, 32, 32, 32 ]
}
tracks/14/type = "value"
tracks/14/path = NodePath("body/head:frame")
tracks/14/interp = 1
tracks/14/loop_wrap = true
tracks/14/imported = false
tracks/14/enabled = true
tracks/14/keys = {
"times": PoolRealArray( 0, 4, 4.8 ),
"transitions": PoolRealArray( 1, 1, 1 ),
"update": 1,
"values": [ 1, 1, 1 ]
}
tracks/15/type = "value"
tracks/15/path = NodePath("body/head/helmet:frame")
tracks/15/interp = 1
tracks/15/loop_wrap = true
tracks/15/imported = false
tracks/15/enabled = true
tracks/15/keys = {
"times": PoolRealArray( 0 ),
"transitions": PoolRealArray( 1 ),
"update": 1,
"values": [ 5 ]
}
tracks/16/type = "value"
tracks/16/path = NodePath("body/head/helmet:rotation_degrees")
tracks/16/interp = 1
tracks/16/loop_wrap = true
tracks/16/imported = false
tracks/16/enabled = true
tracks/16/keys = {
"times": PoolRealArray( 0 ),
"transitions": PoolRealArray( 1 ),
"update": 0,
"values": [ Vector3( 0, 0, 9.1366 ) ]
}

[sub_resource type="Animation" id=3]
resource_name = "Up"
length = 3.0
loop = true
tracks/0/type = "value"
tracks/0/path = NodePath("body:scale")
tracks/0/interp = 1
tracks/0/loop_wrap = true
tracks/0/imported = false
tracks/0/enabled = true
tracks/0/keys = {
"times": PoolRealArray( 0, 0.4, 1, 1.6, 2.2, 2.8 ),
"transitions": PoolRealArray( 1, 1, 1, 1, 1, 1 ),
"update": 0,
"values": [ Vector3( 4, 4, 4 ), Vector3( 4, 4, 4 ), Vector3( 4, 4, 4 ), Vector3( 4, 4, 4 ), Vector3( 4, 4, 4 ), Vector3( 4, 4, 4 ) ]
}
tracks/1/type = "value"
tracks/1/path = NodePath("body:rotation_degrees")
tracks/1/interp = 1
tracks/1/loop_wrap = true
tracks/1/imported = false
tracks/1/enabled = true
tracks/1/keys = {
"times": PoolRealArray( 0, 0.4, 1, 1.6, 2.2, 2.8 ),
"transitions": PoolRealArray( 1, 1, 1, 1, 1, 1 ),
"update": 0,
"values": [ Vector3( 0, 0, 4.832 ), Vector3( 0, 0, 3.7626 ), Vector3( 0, 0, -1.534 ), Vector3( 0, 0, 3.7626 ), Vector3( 0, 0, -1.534 ), Vector3( 0, 0, 3.7626 ) ]
}
tracks/2/type = "value"
tracks/2/path = NodePath("body:translation")
tracks/2/interp = 1
tracks/2/loop_wrap = true
tracks/2/imported = false
tracks/2/enabled = true
tracks/2/keys = {
"times": PoolRealArray( 0, 0.4, 1, 1.6, 2.2, 2.8 ),
"transitions": PoolRealArray( 1, 1, 1, 1, 1, 1 ),
"update": 0,
"values": [ Vector3( 1.95751, 1.22212, 0.0875581 ), Vector3( 1.75548, 1.22212, 0.0875581 ), Vector3( 1.17748, 1.22212, 0.0875581 ), Vector3( 1.75548, 1.22212, 0.0875581 ), Vector3( 1.17748, 1.22212, 0.0875581 ), Vector3( 1.75548, 1.22212, 0.0875581 ) ]
}
tracks/3/type = "value"
tracks/3/path = NodePath("body/head:scale")
tracks/3/interp = 1
tracks/3/loop_wrap = true
tracks/3/imported = false
tracks/3/enabled = true
tracks/3/keys = {
"times": PoolRealArray( 0, 0.2, 0.4, 3 ),
"transitions": PoolRealArray( 1, 1, 1, 1 ),
"update": 0,
"values": [ Vector3( 0.4, 0.4, 0.4 ), Vector3( 0.4, 0.4, 0.4 ), Vector3( 0.4, 0.35, 0.4 ), Vector3( 0.4, 0.35, 0.4 ) ]
}
tracks/4/type = "value"
tracks/4/path = NodePath("body/head:rotation_degrees")
tracks/4/interp = 1
tracks/4/loop_wrap = true
tracks/4/imported = false
tracks/4/enabled = true
tracks/4/keys = {
"times": PoolRealArray( 0, 0.2, 0.4, 1, 1.6, 2.2, 3 ),
"transitions": PoolRealArray( 1, 1, 1, 1, 1, 1, 1 ),
"update": 0,
"values": [ Vector3( 0, 0, 0 ), Vector3( 0, 0, 0 ), Vector3( 0, 0, 0 ), Vector3( 0, 0, 4.382 ), Vector3( 0, 0, 0 ), Vector3( 0, 0, 4.382 ), Vector3( 0, 0, 0 ) ]
}
tracks/5/type = "value"
tracks/5/path = NodePath("body/head:translation")
tracks/5/interp = 1
tracks/5/loop_wrap = true
tracks/5/imported = false
tracks/5/enabled = true
tracks/5/keys = {
"times": PoolRealArray( 0, 0.2, 0.7, 1, 1.6, 2.2, 3 ),
"transitions": PoolRealArray( 1, 1, 1, 1, 1, 1, 1 ),
"update": 0,
"values": [ Vector3( 0.0578687, 0.47584, 0.1 ), Vector3( 0.0757443, 2.34093, 0.1 ), Vector3( 0.0391659, 1.88115, 0.1 ), Vector3( 0.0896293, 1.88251, 0.1 ), Vector3( 0.0391659, 1.88115, 0.1 ), Vector3( 0.0896293, 1.88251, 0.1 ), Vector3( 0.0391659, 1.88115, 0.1 ) ]
}
tracks/6/type = "value"
tracks/6/path = NodePath("body/head/helmet:scale")
tracks/6/interp = 1
tracks/6/loop_wrap = true
tracks/6/imported = false
tracks/6/enabled = true
tracks/6/keys = {
"times": PoolRealArray( 0 ),
"transitions": PoolRealArray( 1 ),
"update": 0,
"values": [ Vector3( 1, 1, 1 ) ]
}
tracks/7/type = "value"
tracks/7/path = NodePath("body/head/helmet:rotation_degrees")
tracks/7/interp = 1
tracks/7/loop_wrap = true
tracks/7/imported = false
tracks/7/enabled = true
tracks/7/keys = {
"times": PoolRealArray( 0 ),
"transitions": PoolRealArray( 1 ),
"update": 0,
"values": [ Vector3( 0, 0, 0 ) ]
}
tracks/8/type = "value"
tracks/8/path = NodePath("body/head/helmet:translation")
tracks/8/interp = 1
tracks/8/loop_wrap = true
tracks/8/imported = false
tracks/8/enabled = true
tracks/8/keys = {
"times": PoolRealArray( 0 ),
"transitions": PoolRealArray( 1 ),
"update": 0,
"values": [ Vector3( -0.165864, 1.05693, 0.442163 ) ]
}
tracks/9/type = "value"
tracks/9/path = NodePath("body/head/helmet:frame")
tracks/9/interp = 1
tracks/9/loop_wrap = true
tracks/9/imported = false
tracks/9/enabled = true
tracks/9/keys = {
"times": PoolRealArray( 0 ),
"transitions": PoolRealArray( 1 ),
"update": 1,
"values": [ 4 ]
}
tracks/10/type = "value"
tracks/10/path = NodePath("body/head:frame")
tracks/10/interp = 1
tracks/10/loop_wrap = true
tracks/10/imported = false
tracks/10/enabled = true
tracks/10/keys = {
"times": PoolRealArray( 0 ),
"transitions": PoolRealArray( 1 ),
"update": 1,
"values": [ 2 ]
}
tracks/11/type = "value"
tracks/11/path = NodePath("body:frame")
tracks/11/interp = 1
tracks/11/loop_wrap = true
tracks/11/imported = false
tracks/11/enabled = true
tracks/11/keys = {
"times": PoolRealArray( 0, 0.2, 3 ),
"transitions": PoolRealArray( 1, 1, 1 ),
"update": 1,
"values": [ 18, 19, 19 ]
}
tracks/12/type = "value"
tracks/12/path = NodePath("arm:frame")
tracks/12/interp = 1
tracks/12/loop_wrap = true
tracks/12/imported = false
tracks/12/enabled = true
tracks/12/keys = {
"times": PoolRealArray( 0, 0.2, 0.7, 1.6 ),
"transitions": PoolRealArray( 1, 1, 1, 1 ),
"update": 1,
"values": [ 31, 32, 33, 32 ]
}
tracks/13/type = "value"
tracks/13/path = NodePath("arm:scale")
tracks/13/interp = 1
tracks/13/loop_wrap = true
tracks/13/imported = false
tracks/13/enabled = true
tracks/13/keys = {
"times": PoolRealArray( 0, 0.2, 0.4, 0.5, 3 ),
"transitions": PoolRealArray( 1, 1, 1, 1, 1 ),
"update": 0,
"values": [ Vector3( 6, 5, 6 ), Vector3( 6, 5, 6 ), Vector3( 6, 6, 6 ), Vector3( 6, 6, 6 ), Vector3( 6, 6, 6 ) ]
}
tracks/14/type = "value"
tracks/14/path = NodePath("arm:translation")
tracks/14/interp = 1
tracks/14/loop_wrap = true
tracks/14/imported = false
tracks/14/enabled = true
tracks/14/keys = {
"times": PoolRealArray( 0, 0.2, 0.7, 1.3, 1.9, 2.5, 3 ),
"transitions": PoolRealArray( 1, 1, 1, 1, 1, 1, 1 ),
"update": 0,
"values": [ Vector3( 0.235519, 0.779506, 0.329198 ), Vector3( -0.261269, 5.65102, 0.329198 ), Vector3( -1.14858, 5.86055, 0.339323 ), Vector3( -0.963214, 6.13706, 0.329198 ), Vector3( -0.214177, 6.13706, 0.329198 ), Vector3( -0.963214, 6.13706, 0.329198 ), Vector3( -0.672395, 6.13706, 0.329198 ) ]
}
tracks/15/type = "value"
tracks/15/path = NodePath("arm:rotation_degrees")
tracks/15/interp = 1
tracks/15/loop_wrap = true
tracks/15/imported = false
tracks/15/enabled = true
tracks/15/keys = {
"times": PoolRealArray( 0, 0.2, 0.7, 1.3, 1.9, 2.5, 3 ),
"transitions": PoolRealArray( 1, 1, 1, 1, 1, 1, 1 ),
"update": 0,
"values": [ Vector3( -0.252989, 1.38426, 12.1696 ), Vector3( 0.00996562, 1.40715, 1.40879 ), Vector3( -0.00236601, 1.40636, 1.91282 ), Vector3( 0.273859, 1.37888, -9.41506 ), Vector3( -0.00236601, 1.40636, 1.91282 ), Vector3( 0.273859, 1.37888, -9.41506 ), Vector3( 0.0961242, 1.40307, -2.10198 ) ]
}
tracks/16/type = "value"
tracks/16/path = NodePath("arm:flip_h")
tracks/16/interp = 1
tracks/16/loop_wrap = true
tracks/16/imported = false
tracks/16/enabled = true
tracks/16/keys = {
"times": PoolRealArray( 0 ),
"transitions": PoolRealArray( 1 ),
"update": 1,
"values": [ false ]
}
tracks/17/type = "audio"
tracks/17/path = NodePath("jump")
tracks/17/interp = 1
tracks/17/loop_wrap = true
tracks/17/imported = false
tracks/17/enabled = true
tracks/17/keys = {
"clips": [ {
"end_offset": 0.0,
"start_offset": 0.0,
"stream": ExtResource( 3 )
} ],
"times": PoolRealArray( 0 )
}

[sub_resource type="Animation" id=4]
length = 2.4
loop = true
step = 0.2
tracks/0/type = "value"
tracks/0/path = NodePath("body:frame")
tracks/0/interp = 1
tracks/0/loop_wrap = true
tracks/0/imported = false
tracks/0/enabled = true
tracks/0/keys = {
"times": PoolRealArray( 0, 0.6, 1.2, 1.8, 2.4, 3 ),
"transitions": PoolRealArray( 1, 1, 1, 1, 1, 1 ),
"update": 1,
"values": [ 15, 12, 13, 14, 15, 12 ]
}
tracks/1/type = "value"
tracks/1/path = NodePath("body:scale")
tracks/1/interp = 1
tracks/1/loop_wrap = true
tracks/1/imported = false
tracks/1/enabled = true
tracks/1/keys = {
"times": PoolRealArray( 0 ),
"transitions": PoolRealArray( 1 ),
"update": 1,
"values": [ Vector3( 4, 4, 4 ) ]
}
tracks/2/type = "value"
tracks/2/path = NodePath("body:rotation_degrees")
tracks/2/interp = 1
tracks/2/loop_wrap = true
tracks/2/imported = false
tracks/2/enabled = true
tracks/2/keys = {
"times": PoolRealArray( 0 ),
"transitions": PoolRealArray( 1 ),
"update": 1,
"values": [ Vector3( 0, 0, 0 ) ]
}
tracks/3/type = "value"
tracks/3/path = NodePath("body:translation")
tracks/3/interp = 1
tracks/3/loop_wrap = true
tracks/3/imported = false
tracks/3/enabled = true
tracks/3/keys = {
"times": PoolRealArray( 0 ),
"transitions": PoolRealArray( 1 ),
"update": 1,
"values": [ Vector3( 2, 1, 0 ) ]
}
tracks/4/type = "value"
tracks/4/path = NodePath("body/head:scale")
tracks/4/interp = 1
tracks/4/loop_wrap = true
tracks/4/imported = false
tracks/4/enabled = true
tracks/4/keys = {
"times": PoolRealArray( 0, 3 ),
"transitions": PoolRealArray( 1, 1 ),
"update": 1,
"values": [ Vector3( 0.4, 0.4, 0.4 ), Vector3( 0.3, 0.3, 0.3025 ) ]
}
tracks/5/type = "value"
tracks/5/path = NodePath("body/head:rotation_degrees")
tracks/5/interp = 1
tracks/5/loop_wrap = true
tracks/5/imported = false
tracks/5/enabled = true
tracks/5/keys = {
"times": PoolRealArray( 0, 0.6, 1.2, 1.8, 2.4, 3 ),
"transitions": PoolRealArray( 1, 1, 1, 1, 1, 1 ),
"update": 1,
"values": [ Vector3( 0, 0, 13.7405 ), Vector3( 0, 0, 0 ), Vector3( 0, 0, 13.565 ), Vector3( 0, 0, -17.193 ), Vector3( 0, 0, 13.7405 ), Vector3( 0, 0, 0 ) ]
}
tracks/6/type = "value"
tracks/6/path = NodePath("body/head:translation")
tracks/6/interp = 1
tracks/6/loop_wrap = true
tracks/6/imported = false
tracks/6/enabled = true
tracks/6/keys = {
"times": PoolRealArray( 0, 0.6, 1.2, 1.8, 2.4, 3 ),
"transitions": PoolRealArray( 1, 1, 1, 1, 1, 1 ),
"update": 1,
"values": [ Vector3( -0.331025, 1.57405, 0.0452215 ), Vector3( -0.5, 1.25, 0.1 ), Vector3( -0.300684, 1.52933, 0.11158 ), Vector3( -0.0876587, 1.2243, 0.163303 ), Vector3( -0.331025, 1.57405, 0.0452215 ), Vector3( -0.5, 1.25, 0.1 ) ]
}
tracks/7/type = "value"
tracks/7/path = NodePath("arm:frame")
tracks/7/interp = 1
tracks/7/loop_wrap = true
tracks/7/imported = false
tracks/7/enabled = true
tracks/7/keys = {
"times": PoolRealArray( 0, 0.6, 1.8, 2.4, 3 ),
"transitions": PoolRealArray( 1, 1, 1, 1, 1 ),
"update": 1,
"values": [ 30, 31, 32, 30, 31 ]
}
tracks/8/type = "value"
tracks/8/path = NodePath("arm:translation")
tracks/8/interp = 1
tracks/8/loop_wrap = true
tracks/8/imported = false
tracks/8/enabled = true
tracks/8/keys = {
"times": PoolRealArray( 0, 0.6, 1.2, 1.8, 2.4, 3 ),
"transitions": PoolRealArray( 1, 1, 1, 1, 1, 1 ),
"update": 1,
"values": [ Vector3( 0.0423443, 4.15247, 0.433777 ), Vector3( -1.13885, 3.19853, 0.517981 ), Vector3( -0.517779, 3.98917, 0.45867 ), Vector3( -0.890251, 3.42089, 0.305681 ), Vector3( 0.0423443, 4.15247, 0.433777 ), Vector3( -1.13885, 3.19853, 0.517981 ) ]
}
tracks/9/type = "value"
tracks/9/path = NodePath("arm:rotation_degrees")
tracks/9/interp = 1
tracks/9/loop_wrap = true
tracks/9/imported = false
tracks/9/enabled = true
tracks/9/keys = {
"times": PoolRealArray( 0, 0.6, 1.2, 1.8, 2.4, 3 ),
"transitions": PoolRealArray( 1, 1, 1, 1, 1, 1 ),
"update": 1,
"values": [ Vector3( -0.07818, 0.161095, 27.7072 ), Vector3( -1.33386, -0.448361, 110.396 ), Vector3( -0.151132, 0.0960358, 59.3862 ), Vector3( 1.1775, 0.770552, -54.9814 ), Vector3( -0.07818, 0.161095, 27.7072 ), Vector3( -1.33386, -0.448361, 110.396 ) ]
}
tracks/10/type = "value"
tracks/10/path = NodePath("arm:scale")
tracks/10/interp = 1
tracks/10/loop_wrap = true
tracks/10/imported = false
tracks/10/enabled = true
tracks/10/keys = {
"times": PoolRealArray( 0, 0.6, 2.4, 3 ),
"transitions": PoolRealArray( 1, 1, 1, 1 ),
"update": 1,
"values": [ Vector3( 5, 5, 5 ), Vector3( 5, 5, 5 ), Vector3( 5, 5, 5 ), Vector3( 5, 5, 5 ) ]
}
tracks/11/type = "value"
tracks/11/path = NodePath("body/head/helmet:scale")
tracks/11/interp = 1
tracks/11/loop_wrap = true
tracks/11/imported = false
tracks/11/enabled = true
tracks/11/keys = {
"times": PoolRealArray( 0 ),
"transitions": PoolRealArray( 1 ),
"update": 0,
"values": [ Vector3( 0.980357, 1.1065, 0.980357 ) ]
}
tracks/12/type = "value"
tracks/12/path = NodePath("body/head:vframes")
tracks/12/interp = 1
tracks/12/loop_wrap = true
tracks/12/imported = false
tracks/12/enabled = true
tracks/12/keys = {
"times": PoolRealArray( 0 ),
"transitions": PoolRealArray( 1 ),
"update": 1,
"values": [ 6 ]
}
tracks/13/type = "value"
tracks/13/path = NodePath("body/head:frame")
tracks/13/interp = 1
tracks/13/loop_wrap = true
tracks/13/imported = false
tracks/13/enabled = true
tracks/13/keys = {
"times": PoolRealArray( 0 ),
"transitions": PoolRealArray( 1 ),
"update": 1,
"values": [ 2 ]
}
tracks/14/type = "value"
tracks/14/path = NodePath("body/head/helmet:frame")
tracks/14/interp = 1
tracks/14/loop_wrap = true
tracks/14/imported = false
tracks/14/enabled = true
tracks/14/keys = {
"times": PoolRealArray( 0 ),
"transitions": PoolRealArray( 1 ),
"update": 1,
"values": [ 5 ]
}
tracks/15/type = "value"
tracks/15/path = NodePath("body/head/helmet:translation")
tracks/15/interp = 1
tracks/15/loop_wrap = true
tracks/15/imported = false
tracks/15/enabled = true
tracks/15/keys = {
"times": PoolRealArray( 0 ),
"transitions": PoolRealArray( 1 ),
"update": 0,
"values": [ Vector3( -0.166635, 1.32995, 0.422529 ) ]
}
tracks/16/type = "value"
tracks/16/path = NodePath("body/head/helmet:rotation_degrees")
tracks/16/interp = 1
tracks/16/loop_wrap = true
tracks/16/imported = false
tracks/16/enabled = true
tracks/16/keys = {
"times": PoolRealArray( 0 ),
"transitions": PoolRealArray( 1 ),
"update": 0,
"values": [ Vector3( 0, 0, 8.228 ) ]
}
tracks/17/type = "value"
tracks/17/path = NodePath("arm:flip_h")
tracks/17/interp = 1
tracks/17/loop_wrap = true
tracks/17/imported = false
tracks/17/enabled = true
tracks/17/keys = {
"times": PoolRealArray( 0 ),
"transitions": PoolRealArray( 1 ),
"update": 1,
"values": [ false ]
}
tracks/18/type = "audio"
tracks/18/path = NodePath("jump")
tracks/18/interp = 1
tracks/18/loop_wrap = true
tracks/18/imported = false
tracks/18/enabled = true
tracks/18/keys = {
"clips": [ {
"end_offset": 0.0,
"start_offset": 0.0,
"stream": ExtResource( 5 )
} ],
"times": PoolRealArray( 0 )
}
tracks/19/type = "method"
tracks/19/path = NodePath("jump")
tracks/19/interp = 1
tracks/19/loop_wrap = true
tracks/19/imported = false
tracks/19/enabled = true
tracks/19/keys = {
"times": PoolRealArray( 0 ),
"transitions": PoolRealArray( 1 ),
"values": [ {
"args": [  ],
"method": "randPitch"
} ]
}

[sub_resource type="Animation" id=5]
tracks/0/type = "value"
tracks/0/path = NodePath("..:rotation_degrees")
tracks/0/interp = 1
tracks/0/loop_wrap = true
tracks/0/imported = false
tracks/0/enabled = true
tracks/0/keys = {
"times": PoolRealArray( 0, 1 ),
"transitions": PoolRealArray( 1, 1 ),
"update": 0,
"values": [ Vector3( 0, 0, 0 ), Vector3( 0, -180, 0 ) ]
}
tracks/1/type = "audio"
tracks/1/path = NodePath("../flip")
tracks/1/interp = 1
tracks/1/loop_wrap = true
tracks/1/imported = false
tracks/1/enabled = true
tracks/1/keys = {
"clips": [ {
"end_offset": 0.0,
"start_offset": 0.0,
"stream": ExtResource( 3 )
} ],
"times": PoolRealArray( 0 )
}
tracks/2/type = "method"
tracks/2/path = NodePath("../flip")
tracks/2/interp = 1
tracks/2/loop_wrap = true
tracks/2/imported = false
tracks/2/enabled = true
tracks/2/keys = {
"times": PoolRealArray( 0 ),
"transitions": PoolRealArray( 1 ),
"values": [ {
"args": [  ],
"method": "randPitch"
} ]
}

[sub_resource type="Environment" id=6]

[node name="Root" type="Spatial"]
transform = Transform( 0.25, 0, 0, 0, 0.25, 0, 0, 0, 0.25, 0, 0, 0 )

[node name="SpriteAnimator" type="AnimationPlayer" parent="."]
playback_speed = 2.0
anims/Fall = SubResource( 1 )
anims/Idle = SubResource( 2 )
anims/Up = SubResource( 3 )
anims/Walk = SubResource( 4 )

[node name="SpriteFlipper" type="AnimationPlayer" parent="SpriteAnimator"]
playback_speed = 10.0
anims/Flip = SubResource( 5 )

[node name="arm" type="Sprite3D" parent="."]
transform = Transform( 4.42665, -2.32477, 0.0140582, 2.32476, 4.42667, 0.00682249, -0.0156183, 0.000496227, 4.99998, 0.0423443, 4.15247, 0.433777 )
visible = false
alpha_cut = 2
texture = ExtResource( 2 )
hframes = 6
vframes = 6
frame = 30

[node name="body" type="Sprite3D" parent="."]
transform = Transform( 4, 0, 0, 0, 4, 0, 0, 0, 4, 2, 1, 0 )
alpha_cut = 2
texture = ExtResource( 2 )
hframes = 6
vframes = 6
frame = 15

[node name="head" type="Sprite3D" parent="body"]
transform = Transform( 0.388553, -0.0950099, 0, 0.0950099, 0.388553, 0, 0, 0, 0.4, -0.331025, 1.57405, 0.0452215 )
alpha_cut = 2
texture = ExtResource( 2 )
hframes = 6
vframes = 6
frame = 2

[node name="helmet" type="Sprite3D" parent="body/head"]
transform = Transform( 0.970266, -0.158354, 0, 0.140301, 1.09511, 0, 0, 0, 0.980357, -0.166635, 1.32995, 0.422529 )
alpha_cut = 2
texture = ExtResource( 2 )
hframes = 6
vframes = 6
frame = 5

[node name="camera" type="Camera" parent="."]
transform = Transform( 4, 0, 0, 0, 4, 0, 0, 0, 4, 0, 2.547, 19.121 )
environment = SubResource( 6 )
projection = 1
size = 3.99

[node name="jump" type="AudioStreamPlayer3D" parent="."]
stream = ExtResource( 1 )
attenuation_model = 1
unit_db = -50.0
unit_size = 1.5
max_db = -10.959
script = ExtResource( 4 )
variance = 0.5

[node name="flip" type="AudioStreamPlayer3D" parent="."]
stream = ExtResource( 1 )
attenuation_model = 1
unit_db = -5.387
unit_size = 50.0
max_db = -10.959
script = ExtResource( 4 )
variance = 0.5
