[gd_scene load_steps=4 format=2]

[ext_resource path="res://elements/baddies/staryNight/star.tres" type="Material" id=1]

[sub_resource type="GDScript" id=1]
script/source = "tool
extends CSGCombiner

enum TYPE {NONE,REMOVE,ONLY}

export(TYPE) var type :=TYPE.ONLY setget setType
export var burnOutCount:int=0 setget setBurnoutCount

var maxBurnouts = 12
var dirty:bool = true

func setType(value):
	type = value
	dirty = true

func setBurnoutCount(value):
	burnOutCount = clamp(value,0,maxBurnouts)
	dirty = true

func _process(delta):
	if dirty:
		resetBurnouts()
		dirty = false

func resetBurnouts():
	match type:
		TYPE.NONE:
			for i in maxBurnouts:
				var node = get_node(\"Mesh/hole\" + String(i))
				node.hide()
		TYPE.REMOVE:
			for i in maxBurnouts:
				var node = get_node(\"Mesh/hole\" + String(i))
				if i < burnOutCount:
					node.operation = CSGShape.OPERATION_SUBTRACTION
					node.show()
				else:
					node.hide()
		TYPE.ONLY:
			for i in maxBurnouts:
				var node = get_node(\"Mesh/hole\" + String(i))
				if i == burnOutCount:
					node.operation = CSGShape.OPERATION_INTERSECTION
					node.show()
				else:
					node.hide()


func getActiveBurnout()->CSGCylinder:
	return get_node(\"Mesh/hole\" + String(burnOutCount)) as CSGCylinder
"

[sub_resource type="QuadMesh" id=2]
size = Vector2( 256, 203 )

[node name="forgroundCSG" type="CSGCombiner"]
script = SubResource( 1 )
type = 1

[node name="Mesh" type="CSGMesh" parent="."]
mesh = SubResource( 2 )
material = ExtResource( 1 )

[node name="hole0" type="CSGCylinder" parent="Mesh"]
transform = Transform( 1, 0, 0, 0, -4.37114e-08, -1, 0, 1, -4.37114e-08, -116.79, 9.69738, 0 )
visible = false
operation = 2
radius = 9.50917
height = 4.0
sides = 16

[node name="hole1" type="CSGCylinder" parent="Mesh"]
transform = Transform( 1, 0, 0, 0, -4.37114e-08, -1, 0, 1, -4.37114e-08, -94.1472, 5.2021, 0 )
visible = false
operation = 2
radius = 10.768
height = 4.0
sides = 16

[node name="hole2" type="CSGCylinder" parent="Mesh"]
transform = Transform( 1, 0, 0, 0, -4.37114e-08, -1, 0, 1, -4.37114e-08, -38.036, -5.483, 0 )
visible = false
operation = 2
radius = 19.4532
height = 4.0
sides = 16

[node name="hole3" type="CSGCylinder" parent="Mesh"]
transform = Transform( 1, 0, 0, 0, -4.37114e-08, -1, 0, 1, -4.37114e-08, -44.698, 34.0832, 0 )
visible = false
operation = 2
radius = 11.1472
height = 4.0
sides = 16

[node name="hole4" type="CSGCylinder" parent="Mesh"]
transform = Transform( 1, 0, 0, 0, -4.37114e-08, -1, 0, 1, -4.37114e-08, -68.3889, 66.5812, 0 )
visible = false
operation = 2
radius = 12.26
height = 4.0
sides = 16

[node name="hole5" type="CSGCylinder" parent="Mesh"]
transform = Transform( 1, 0, 0, 0, -4.37114e-08, -1, 0, 1, -4.37114e-08, -101.097, 91.1233, 0 )
visible = false
operation = 2
radius = 15.3878
height = 4.0
sides = 16

[node name="hole6" type="CSGCylinder" parent="Mesh"]
transform = Transform( 1, 0, 0, 0, -4.37114e-08, -1, 0, 1, -4.37114e-08, -68.5605, 95.2862, 0 )
visible = false
operation = 2
radius = 10.264
height = 4.0
sides = 16

[node name="hole7" type="CSGCylinder" parent="Mesh"]
transform = Transform( 1, 0, 0, 0, -4.37114e-08, -1, 0, 1, -4.37114e-08, -41.3648, 93.0211, 0 )
visible = false
operation = 2
radius = 10.4209
height = 4.0
sides = 16

[node name="hole8" type="CSGCylinder" parent="Mesh"]
transform = Transform( 1, 0, 0, 0, -4.37114e-08, -1, 0, 1, -4.37114e-08, -22.6397, 87.8943, 0.263821 )
visible = false
operation = 2
radius = 9.7418
height = 4.0
sides = 16

[node name="hole9" type="CSGCylinder" parent="Mesh"]
transform = Transform( 1, 0, 0, 0, -4.37114e-08, -1, 0, 1, -4.37114e-08, 28.4648, 83.6473, 0.263821 )
visible = false
operation = 2
radius = 15.1398
height = 4.0
sides = 16

[node name="hole10" type="CSGCylinder" parent="Mesh"]
transform = Transform( 1, 0, 0, 0, -4.37114e-08, -1, 0, 1, -4.37114e-08, 51.5238, 54.1037, 0.263821 )
visible = false
operation = 2
radius = 13.375
height = 4.0
sides = 16

[node name="hole11" type="CSGCylinder" parent="Mesh"]
transform = Transform( 1, 0, 0, 0, -4.37114e-08, -1, 0, 1, -4.37114e-08, 102.129, 67.7964, -0.964603 )
visible = false
operation = 2
radius = 30.8192
height = 4.0
sides = 16
