[gd_scene load_steps=11 format=2]

[ext_resource path="res://icon.png" type="Texture" id=1]

[sub_resource type="GDScript" id=1]
script/source = "extends RayCast

var shooter:Node

export var impulse:float = 100;

export var impactFX:PackedScene=preload(\"res://elements/Pawn/gun/pew.tscn\")

func _ready():
	global_transform.origin.z = 0
	pass # Replace with function body.

var secoundRun = false
func _process(delta):
	if secoundRun:
		queue_free()
		return
	secoundRun = true
	force_raycast_update()
	var collider:Spatial = get_collider()
	
	
	var hit = impactFX.instance()
	hit.transform.origin = get_collision_point()

	if collider:
		if collider is RigidBody:
			pass
#			var value = global_transform.basis.xform(cast_to).normalized() * impulse
#			(collider as RigidBody).apply_impulse(get_collision_point(),-value)
		if collider.is_in_group(\"baddie\"):
			collider.damage(10,rotation.z)
			hit.hit = true
		hit.normal = get_collision_normal()
		$spatial.scale.x = (hit.transform.origin - global_transform.origin).length()
	else:
		$spatial.scale.x = 100
		hit.transform.origin = global_transform.xform(cast_to)
		hit.normal = Vector3.UP
	get_tree().root.add_child(hit)
"

[sub_resource type="VisualShaderNodeColorUniform" id=2]
uniform_name = "color"

[sub_resource type="VisualShaderNodeTextureUniform" id=3]
uniform_name = "TextureUniform"

[sub_resource type="VisualShaderNodeScalarOp" id=4]
operator = 2

[sub_resource type="VisualShaderNodeTexture" id=5]
texture = ExtResource( 1 )
texture_type = 1

[sub_resource type="VisualShaderNodeColorConstant" id=6]
constant = Color( 0, 0, 0, 1 )

[sub_resource type="VisualShader" id=7]
code = "shader_type spatial;
render_mode specular_schlick_ggx;

uniform vec4 color : hint_color;
uniform sampler2D tex_frg_6 : hint_albedo;



void vertex() {
// Output:0

}

void fragment() {
// Color:7
	vec3 n_out7p0 = vec3(0.000000, 0.000000, 0.000000);
	float n_out7p1 = 1.000000;

// ColorUniform:2
	vec3 n_out2p0 = color.rgb;
	float n_out2p1 = color.a;

// Texture:6
	vec4 tex_frg_6_read = texture(tex_frg_6, UV.xy);
	vec3 n_out6p0 = tex_frg_6_read.rgb;
	float n_out6p1 = tex_frg_6_read.a;

// ScalarOp:5
	float n_out5p0 = n_out2p1 * n_out6p1;

// Output:0
	ALBEDO = n_out7p0;
	ALPHA = n_out5p0;
	EMISSION = n_out2p0;

}

void light() {
// Output:0

}
"
nodes/fragment/2/node = SubResource( 2 )
nodes/fragment/2/position = Vector2( -340, 300 )
nodes/fragment/4/node = SubResource( 3 )
nodes/fragment/4/position = Vector2( -660, 160 )
nodes/fragment/5/node = SubResource( 4 )
nodes/fragment/5/position = Vector2( 120, 120 )
nodes/fragment/6/node = SubResource( 5 )
nodes/fragment/6/position = Vector2( -300, -20 )
nodes/fragment/7/node = SubResource( 6 )
nodes/fragment/7/position = Vector2( 400, 20 )
nodes/fragment/connections = PoolIntArray( 2, 0, 0, 5, 2, 1, 5, 0, 7, 0, 0, 0, 6, 1, 5, 1, 5, 0, 0, 1 )

[sub_resource type="ShaderMaterial" id=8]
shader = SubResource( 7 )
shader_param/color = Color( 1, 0, 0.0156863, 1 )

[sub_resource type="CubeMesh" id=9]
size = Vector3( 1, 1, 1 )

[node name="laserPew" type="RayCast"]
enabled = true
cast_to = Vector3( 0, -30, 0 )
collision_mask = 17
collide_with_areas = true
script = SubResource( 1 )
impulse = 5.0

[node name="spatial" type="Spatial" parent="."]
transform = Transform( -4.37114e-08, 1, 0, -1, -4.37114e-08, 0, 0, 0, 1, 0, 0, 0 )

[node name="sprite3D" type="Sprite3D" parent="spatial"]
transform = Transform( 0.78, 0, 0, 0, 0.1, 0, 0, 0, 1, 1, 0, 0 )
material_override = SubResource( 8 )
texture = ExtResource( 1 )

[node name="meshInstance" type="MeshInstance" parent="spatial"]
transform = Transform( 1, 0, 0, 0, 1, 0, 0, 0, 1, 0.5, 0, 0 )
visible = false
mesh = SubResource( 9 )
material/0 = null
