[gd_scene load_steps=11 format=2]

[ext_resource path="res://elements/baddies/bunnyMob/wererabbitsprite.png" type="Texture" id=1]
[ext_resource path="res://elements/tools/StateMachine.gd" type="Script" id=2]

[sub_resource type="GDScript" id=1]
script/source = "extends KinematicBody

export var maxHealth:int = 10
export var health:int = 10

export var velocity = Vector3.ZERO
export var slideAngle:float = 45
export var triggerDist:=15

#export var movementSpeed:=0.0
export var attack:int = 5

export var knockBack = Vector3(10,10,0)

var lookRight:bool = true

var bulletDmg = 10;
var bulletVariance = 1
var randDmg:=RandomNumberGenerator.new()
func _physics_process(_delta):
	transform.origin.z = 0
	

export var flipper:NodePath
export var animator:NodePath

var spawner:Spatial= null
const romeRange = INF

func _ready():
	lookRight = bool(randi()%2)

func getSlideRad()->float:
	return deg2rad(slideAngle)

func play(name: String = \"\", custom_blend: float = -1, custom_speed: float = 1.0, from_end: bool = false):
	get_node(animator).play(name,custom_blend,custom_speed,from_end)

var flopThreshhold = 0.1


#func _process(delta):
#	var p = preload(\"res://dot.tscn\").instance()
#	p.global_transform.origin = global_transform.origin
#	get_tree().root.add_child(p)
#	p.global_transform.basis = Basis(Vector3(0.5,0.5,0.5))
func _process(delta):
	flip()
	pass

func flip():
	if lookRight:
		if velocity.x < -flopThreshhold:
			get_node(flipper).play(\"flip\")
			lookRight = false
	else:
		if velocity.x > flopThreshhold:
			get_node(flipper).play_backwards(\"flip\")
			lookRight = true


func findClosetTarget():
	var target:Spatial = Globals.findClosetTarget(self,\"player\")
	if target and (self.global_transform.origin - target.global_transform.origin).length() > triggerDist:
		return null
	else:
		#flip toward target
		return target



func _on_atackBox_body_entered(body:Spatial):
	if body.is_in_group(\"player\"):
		var knock:=Vector3.ZERO
		if velocity.x > 0:
			knock = velocity + knockBack
			pass # Replace with function body.
		else:
			knock = velocity
			knock.x += knockBack.x
			knock.y += knockBack.y
		body.knockBack(knock)
		
		body.damage(attack + (randi()%3 - 1))

func spriteReset():
	var t = $SlimeSprite/Sprite3D.global_transform.origin
	self.global_transform.origin += Vector3(5,0,0) * $SlimeSprite/Sprite3D.global_transform.basis.get_scale()
#	rigi
	
#	$SlimeSprite/Sprite3D.global_transform.origin = Vector3()


func damage(value,angle):
	health -= value
	if health <= 0:
		queue_free()


func _on_animationPlayer_animation_changed(old_name, new_name):
	print(old_name + \" \" + new_name)
	pass # Replace with function body.


func _on_animationPlayer_animation_started(anim_name):
	if anim_name == \"attack\":
		print(anim_name)
	else:
		pass # Replace with function body.


func spawnerDisabled():
	spawner = self
"

[sub_resource type="SphereShape" id=2]
radius = 2.30193

[sub_resource type="Animation" id=3]
resource_name = "attack"
tracks/0/type = "value"
tracks/0/path = NodePath(".:frame")
tracks/0/interp = 1
tracks/0/loop_wrap = true
tracks/0/imported = false
tracks/0/enabled = true
tracks/0/keys = {
"times": PoolRealArray( 0, 0.2, 0.5 ),
"transitions": PoolRealArray( 1, 1, 1 ),
"update": 1,
"values": [ 1, 2, 3 ]
}

[sub_resource type="Animation" id=4]
resource_name = "idle"
tracks/0/type = "value"
tracks/0/path = NodePath(".:frame")
tracks/0/interp = 1
tracks/0/loop_wrap = true
tracks/0/imported = false
tracks/0/enabled = true
tracks/0/keys = {
"times": PoolRealArray( 0 ),
"transitions": PoolRealArray( 1 ),
"update": 1,
"values": [ 0 ]
}

[sub_resource type="Animation" id=5]
length = 0.25
step = 0.01
tracks/0/type = "value"
tracks/0/path = NodePath("../..:rotation_degrees")
tracks/0/interp = 1
tracks/0/loop_wrap = true
tracks/0/imported = false
tracks/0/enabled = true
tracks/0/keys = {
"times": PoolRealArray( 0, 0.25 ),
"transitions": PoolRealArray( 1, 1 ),
"update": 0,
"values": [ Vector3( 0, 180, 0 ), Vector3( 0, 0, 0 ) ]
}

[sub_resource type="GDScript" id=6]
script/source = "extends State


export var idleTime:=0.5


func physics_update(delta: float) -> void:
	var pawn:Spatial = state_machine.pawn
	pawn.rotation.z =0;
	#wait for N secs
	if state_machine.stateTime  < idleTime:
		pawn.velocity += Vector3.DOWN * Globals.gravity * delta
		pawn.velocity.x = 0
		pawn.velocity = pawn.move_and_slide(pawn.velocity,Vector3.UP,true,4,pawn.getSlideRad(),false)
		pawn.play(\"idle\")
			
	else:
		#look for player
		var target = pawn.findClosetTarget()
		#if found player, jump at player
		if target:
			transition_to(\"Hop\",{target=target})
		#if no player, short hop
		else:
			transition_to(\"Hop\",{target=target})
	
#	pawn.play
	
"

[sub_resource type="GDScript" id=7]
script/source = "extends State

export var shortHopPower:=5
export var highJump:Vector2=Vector2(15,10)


func enter(dict=null):
	var pawn:KinematicBody = state_machine.pawn
	if dict.target:
		var moveDelta:Vector3 =dict.target.global_transform.origin - pawn.global_transform.origin
		if moveDelta.x > 0:
			pawn.velocity.x = highJump.x
			pawn.velocity.y = highJump.y
		else:
			pawn.velocity.x = -highJump.x
			pawn.velocity.y = highJump.y
		pawn.play(\"attack\")
	else:
		var spawnerDelta = pawn.spawner.global_transform.origin - pawn.global_transform.origin
		var romeRange = pawn.spawner.romeRange
		if romeRange < spawnerDelta.x:
			pawn.lookRight = true
			print(\"turn arround\")
		elif spawnerDelta.x < -romeRange:
			pawn.lookRight = false
			print(\"turn arround\")
		if pawn.lookRight:
			pawn.velocity = Vector3(shortHopPower,shortHopPower,0)
			pawn.flip()
		else:
			pawn.velocity = Vector3(-shortHopPower,shortHopPower,0)
			pawn.flip()
#	pawn.flip()

func physics_update(delta):
	var pawn:KinematicBody = state_machine.pawn

	pawn.velocity += Vector3.DOWN * Globals.gravity * delta
	
	if pawn.velocity.x > 0:
		pawn.rotation.z =Vector2(pawn.velocity.x,pawn.velocity.y).angle() 
	else:
		pawn.rotation.z =  - Vector2(pawn.velocity.x,pawn.velocity.y).angle_to(Vector2.LEFT) 

	pawn.flip()

	
	var collision: = pawn.move_and_collide(pawn.velocity*delta)
	
	var floored = false
	if collision:
		var angle = collision.normal.angle_to(Vector3.UP)
		if angle < pawn.getSlideRad():
			transition_to(\"Idle\")
		else:
			
			var bounceVect = pawn.velocity.bounce(collision.normal)
#			print(pawn.velocity, bounceVect)
			pawn.velocity = bounceVect
#			pawn.flip()
	else:
		pass
	
"

[sub_resource type="SphereShape" id=8]
radius = 2.4

[node name="bunnyMob" type="KinematicBody" groups=[
"baddie",
]]
collision_layer = 18
collision_mask = 3
script = SubResource( 1 )
maxHealth = 15
health = 15
knockBack = Vector3( 5, 5, 0 )
flipper = NodePath("SlimeSprite/Sprite3D/animationPlayer/flipper")
animator = NodePath("SlimeSprite/Sprite3D/animationPlayer")

[node name="CollisionShape" type="CollisionShape" parent="."]
transform = Transform( -0.25, 0, -3.77489e-08, 0, 0.25, 0, 3.77489e-08, 0, -0.25, 0, 0, 0 )
shape = SubResource( 2 )

[node name="SlimeSprite" type="Spatial" parent="."]
transform = Transform( -1, 0, -8.74228e-08, 0, 1, 0, 8.74228e-08, 0, -1, 0, 0, 0 )

[node name="Sprite3D" type="Sprite3D" parent="SlimeSprite"]
transform = Transform( -0.3, 0, -4.52987e-08, 0, 0.3, 0, 4.52987e-08, 0, -0.3, 0, 0, 0 )
flip_h = true
alpha_cut = 2
texture = ExtResource( 1 )
hframes = 4
frame = 2

[node name="animationPlayer" type="AnimationPlayer" parent="SlimeSprite/Sprite3D"]
playback_process_mode = 0
method_call_mode = 1
anims/attack = SubResource( 3 )
anims/idle = SubResource( 4 )

[node name="flipper" type="AnimationPlayer" parent="SlimeSprite/Sprite3D/animationPlayer"]
anims/flip = SubResource( 5 )

[node name="remoteTransform" type="RemoteTransform" parent="SlimeSprite/Sprite3D"]
remote_path = NodePath("../../../CollisionShape")
update_rotation = false
update_scale = false

[node name="StateMachine" type="Node" parent="."]
script = ExtResource( 2 )
initial_state = NodePath("Idle")

[node name="Idle" type="Node" parent="StateMachine"]
script = SubResource( 6 )

[node name="Hop" type="Node" parent="StateMachine"]
script = SubResource( 7 )
highJump = Vector2( 10, 15 )

[node name="atackBox" type="Area" parent="."]
collision_layer = 0
collision_mask = 4

[node name="CollisionShape2" type="CollisionShape" parent="atackBox"]
transform = Transform( -0.25, 0, -3.77489e-08, 0, 0.25, 0, 3.77489e-08, 0, -0.25, 0, 0, 0 )
shape = SubResource( 8 )

[connection signal="animation_changed" from="SlimeSprite/Sprite3D/animationPlayer" to="." method="_on_animationPlayer_animation_changed"]
[connection signal="animation_started" from="SlimeSprite/Sprite3D/animationPlayer" to="." method="_on_animationPlayer_animation_started"]
[connection signal="body_entered" from="atackBox" to="." method="_on_atackBox_body_entered"]
